%%%%%%%%%%%%%%%%%%%%%%%%%%%%%%%%%%%%%%%%%%%%%%%%%%%%%%%%%%%%%%%%%%%%%%%%%%%%%%
% Publishers

@string{MIT = {MIT Press}}

%%%%%%%%%%%%%%%%%%%%%%%%%%%%%%%%%%%%%%%%%%%%%%%%%%%%%%%%%%%%%%%%%%%%%%%%%%%%%%
% References

@Article{robinson-1971,
  author =       {Robinson, J.~A.},
  title =        {Computational Logic: The Unification Computation},
  journal =      {Machine Intelligence},
  year =         1971,
  volume =       6,
  pages =        {63--72},
}

@Book{collins-sussman--fitzpatrick-pilato-2011,
  author =       {Collins-Sussman, Ben and Fitzpatrick, Brian~W. and
                  Pilato, C.~Michael},
  title =        {Version Control with Subversion: For Subversion 1.7},
  publisher =    {{}},
  year =         2011,
  url =          {http://svnbook.red-bean.com/},
}

@Book{pierce-2002,
  author =       {Pierce, Benjamin C.},
  title =        {Types and Programming Languages},
  publisher =    MIT,
  year =         2002,
}
